@misc{Beezer11,
    author    = "Robert A. Beezer",
    title     = "{S}age for {L}inear {A}lgebra",
    howpublished = {\url{http://linear.ups.edu/download/fcla-2.22-sage-4.7.1-preview.pdf}},
    year      = "2011"
}

@article{BlankKrikorianSpring89,
    author  = "Blank, S. J. and Krikorian, Nishan  and Spring, David",
    title   = "A geometrically inspired proof of the singular value decomposition",
    year    = "1989",
    month   = "March",
    journal = "The American Mathematics Monthly",
    pages   = "238-239"
}

@book{Brandt,
    author    = "{R}on {B}randt",
    title     = "{P}owerful {L}earning",
    publisher = "Association for Supervision and Curriculum Development",
    year      = "1998"
}

@article{Goldberg91,
    author  = "David Goldberg",
    title   = "{W}hat {E}very {C}omputer {S}cientist {S}hould {K}now {A}bout {F}loating-{P}oint {A}rithmetic",
    year    = "1991",
    month   = "March",
    journal = "ACM Computing Surveys",
    volume  = {23},
    number  = {1},
    pages   = {5--48}
}

@article{JoynerStein07,
    author  = "David Joyner and William Stein",
    title   = "{O}pen {S}ource {M}athematical {S}oftware",
    year    = "2007",
    month   = "November",
    journal = "Notices of the AMS",
    pages   = "1279"
}


@misc{JupyterTeam19,
   author = "{J}upyter {T}eam",
   title = "{P}roject {J}upyter",
   year = "2021",
   url = "https://jupyter.org/",
   note = "[Online; accessed 2021-Sep-20]"
 }


@misc{Hefferon12,
    author    = "Jim Hef{}feron",
    title     = "{L}inear {A}lgebra",
    howpublished = {\url{https://hefferon.net/linearalgebra}},
    year      = "2021"
}

@misc{PythonTeam19a,
   author = "{P}ython {T}eam",
   title = "{F}loating point arithmetic: issues and limitations",
   year = "2021",
   url = "https://docs.python.org/3/tutorial/floatingpoint.html",
   note = "[Online; accessed 2021-Sep-20]"
 }

@misc{PythonTeam19b,
   author = "{P}ython {T}eam",
   title = "{T}he {P}ython {T}utorial",
   year = "2021",
   url = "https://docs.python.org/3/tutorial/",
   note = "[Online; accessed 2021-Sep-20]"
 }

@misc{SageTeam19ref,
    author    = "{S}age {D}evelopment {Team}",
    title     = "{S}age {R}eference {M}anual 9.4",
    howpublished = {\url{https://doc.sagemath.org/html/en/reference/}},
    year      = "2021",
    note = "[Online; accessed 2021-Sep-20]"
}

@misc{SageTeam19,
    author    = "{S}age {D}evelopment {Team}",
    title     = "{S}age {T}utorial 9.4",
    howpublished = {\url{https://doc.sagemath.org/html/en/tutorial/}},
    year      = "2021",
    note = "[Online; accessed 2021-Sep-20]"
}

@book{Suzuki,
    author    = "{S}hunryu {S}uzuki",
    title     = "{Z}en {M}ind, {B}eginners {M}ind",
    publisher = "Shambhala",
    year      = "2006"
}

@book{TrefethenBau97,
    author    = "Trefethen, Lloyd N. and Bau, III, David",
    title     = "{N}umerical {L}inear {A}lgebra",
    publisher = "Society for Industrial and Applied Mathematics",
    year      = "1997"
}

@misc{wiki:ExtremeValueThm,
   author = "Wikipedia",
   title = "{E}xtreme value theorem",
   year = "2012",
   url = "http://en.wikipedia.org/wiki/Extreme_value_theorem",
   note = "[Online; accessed 28-Nov-2012]"
 }

@misc{wiki:GreatWave,
   author = "Wikipedia",
   title = "{T}he {G}reat {W}ave off {K}anagawa",
   year = "2019",
   url = "https://en.wikipedia.org/wiki/The_Great_Wave_off_Kanagawa",
   note = "[Online; accessed 19-Nov-2019]"
 }
